% Bibliography

@misc{Dillon2022,
	author = {Charlotte Dillon and Dan Kelly},
	title = {Database Schema Migration Tools},
	howpublished = {\url{https://www.cockroachlabs.com/blog/flyway/}},
	note = {Online; accessed 30 October 2022},
	year=2022,
}

@misc{DBMSTools,
	author = {DBMS Tools},
	title = {Version control tools},
	howpublished = {\url{https://dbmstools.com/categories/version-control-tools/postgresql}},
	note = {Online; accessed 30 October 2022}
}


@article{Wu2020,
	author = {Shiwen Wu and Fei Sun and Wentao Zhang and Xu Xie and Bin Cui},
	month = {11},
	title = {Graph Neural Networks in Recommender Systems: A Survey},
	url = {http://arxiv.org/abs/2011.02260},
	year = {2020},
}

@report{Leskovec2020,
	author = {Jure Leskovec},
	title = {CS224W: Machine Learning with Graphs},
	url = {http://cs224w.stanford.edu},
}

@report{Hamilton2020,
	author = {William L Hamilton},
	issue = {3},
	title = {Graph Representation Learning},
	volume = {14},
	year = {2020},
}

@book_section{Vasilev2019,
	author = {Ivan Vasilev},
	city = {Birmingham, England ;},
	edition = {1st edition},
	isbn = {1-78995-271-9},
	journal = {Advanced deep learning with Python : design and implement advanced next-generation AI solutions using TensorFlow and Pytorch},
	keywords = {Python (Computer program language)},
	publisher = {Packt},
	title = {Advanced deep learning with Python  : design and implement advanced next-generation AI solutions using TensorFlow and Pytorch },
	year = {2019},
}





@article{article,
  author  = {Peter Adams},
  title   = {The title of the work},
  journal = {The name of the journal},
  year    = 1993,
  number  = 2,
  pages   = {201-213},
  month   = 7,
  note    = {An optional note},
  volume  = 4
}

@book{book,
  author    = {Peter Babington},
  title     = {The title of the work},
  publisher = {The name of the publisher},
  year      = 1993,
  volume    = 4,
  series    = 10,
  address   = {The address},
  edition   = 3,
  month     = 7,
  note      = {An optional note},
  isbn      = {3257227892}
}

@booklet{booklet,
  title        = {The title of the work},
  author       = {Peter Caxton},
  howpublished = {How it was published},
  address      = {The address of the publisher},
  month        = 7,
  year         = 1993,
  note         = {An optional note}
}

@conference{conference,
  author       = {Peter Draper},
  title        = {The title of the work},
  booktitle    = {The title of the book},
  year         = 1993,
  editor       = {The editor},
  volume       = 4,
  series       = 5,
  pages        = 213,
  address      = {The address of the publisher},
  month        = 7,
  organization = {The organization},
  publisher    = {The publisher},
  note         = {An optional note}
}

@inbook{inbook,
  author       = {Peter Eston},
  title        = {The title of the work},
  chapter      = 8,
  pages        = {201-213},
  publisher    = {The name of the publisher},
  year         = 1993,
  volume       = 4,
  series       = 5,
  address      = {The address of the publisher},
  edition      = 3,
  month        = 7,
  note         = {An optional note}
}

@incollection{incollection,
  author       = {Peter Farindon},
  title        = {The title of the work},
  booktitle    = {The title of the book},
  publisher    = {The name of the publisher},
  year         = 1993,
  editor       = {The editor},
  volume       = 4,
  series       = 5,
  chapter      = 8,
  pages        = {201-213},
  address      = {The address of the publisher},
  edition      = 3,
  month        = 7,
  note         = {An optional note}
}

@manual{manual,
  title        = {The title of the work},
  author       = {Peter Gainsford},
  organization = {The organization},
  address      = {The address of the publisher},
  edition      = 3,
  month        = 7,
  year         = 1993,
  note         = {An optional note}
}

@mastersthesis{mastersthesis,
  author       = {Fabian Burkhalter, Dino Schnider},
  title        = {The title of the work},
  school       = {The school where the thesis was written},
  year         = 1993,
  address      = {The address of the publisher},
  month        = 7,
  note         = {An optional note}
}


@phdthesis{phdthesis,
  author       = {Peter Joslin},
  title        = {The title of the work},
  school       = {The school where the thesis was written},
  year         = 1993,
  address      = {The address of the publisher},
  month        = 7,
  note         = {An optional note}
}

@proceedings{proceedings,
  title        = {The title of the work},
  year         = 1993,
  editor       = {Peter Kidwelly},
  volume       = 4,
  series       = 5,
  address      = {The address of the publisher},
  month        = 7,
  organization = {The organization},
  publisher    = {The name of the publisher},
  note         = {An optional note}
}

@techreport{techreport,
  author       = {Peter Lambert},
  title        = {The title of the work},
  institution  = {The institution that published},
  year         = 1993,
  number       = 2,
  address      = {The address of the publisher},
  month        = 7,
  note         = {An optional note}
}

@unpublished{unpublished,
  author       = {Peter Marcheford},
  title        = {The title of the work},
  note         = {An optional note},
  month        = 7,
  year         = 1993
}
